@ONLINE{mdi_site,
title = {\href{https://www.mobile-devices.com/}{www.mobile-devices.com}},
note = {Site officiel de \company{}}
}


@ONLINE{cycle_iteratif,
title = {\href{http://www.geek-directeur-technique.com/2009/02/06/le-cycle-iteratif}{www.geek-directeur-technique.org}},
note = {Documentation technique sur le cycle it√©ratif}
}
